
@Unpublished{referencemanual,
    Title = {{EFM32GG Reference Manual}},
    Author = {Silicon Labs}
}


@misc{debouncer,
    Title = {{A Guide To Debouncing}},
    Author = {{The Ganssle Group}},
    Howpublished = {\url{http://www.ganssle.com/debouncing-pt2.htm}},
    note = {Accessed: 2014-03-09}
}

@misc{mariobros,
    Title = {{Super Mario Bros}},
    Author = {{Wikipedia}},
    Howpublished = {\url{http://en.wikipedia.org/wiki/Super_Mario_Bros.}},
    note = {Accessed: 2014-03-09}
}
