
@Unpublished{referencemanual,
    Title = {{EFM32GG Reference Manual}},
    Author = {Silicon Labs}
}

@unpublished{response,
    Title = {{Response Time: The 3 Important Limits}},
    Author = {Jakob Nielsen},
    Howpublished = {\url{http://www.nngroup.com/articles/response-times-3-important-limits/}}
}

@unpublished{energy,
    Title = {{Energy Optimization Application Note}},
    Author = {Silicon Labs}
}

@unpublished{modes,
    Title = {{Energy Modes Application Note}},
    Author = {Silicon Labs}
}
