
@Unpublished{referencemanual,
    Title = {{EFM32GG Reference Manual}},
    Author = {Silicon Labs}
}

@unpublished{ptxdistguru,
    Title = {{How To Become a PTXDist Guru}},
    Author = {Pengutronix},
    Howpublished = {{http://www.pengutronix.com/oselas/bsp/pengutronix/download/OSELAS.BSP-Pengutronix-Generic-arm-Quickstart.pdf}}
}

@misc{pongreview,
   Title = {{Atari Pong Review (1976)}},
   Author = {Tim Stevens},
   url = "http://www.engadget.com/2012/04/01/atari-pong-review/"
}
